<?xml version="1.0" encoding="UTF-8"?><collection xmlns="http://www.loc.gov/MARC21/slim"><record><leader>00384nam--2200121-i-4500</leader><controlfield tag="001">000018164</controlfield><controlfield tag="002">20161230</controlfield><controlfield tag="005">20161230201032</controlfield><controlfield tag="008">060222s1000------------r-----000-0-eng-d</controlfield><datafield ind1=" " ind2=" " tag="100"><subfield code="a">Fortinski, S., Ostroumov,S</subfield></datafield><datafield ind1=" " ind2=" " tag="245"><subfield code="a">Bazele evidentei contabile si expertiza judiciar-contabila</subfield></datafield><datafield ind1=" " ind2=" " tag="260"><subfield code="a">Bucuresti, Editura De Stat Pentru Literatura Economica Si Juridica, 1955. 264 P</subfield></datafield><datafield ind1=" " ind2=" " tag="852"><subfield code="a">3977</subfield></datafield></record></collection>